<record><leader>00000cas a2200000 i 4500</leader><controlfield tag="001">994612171</controlfield><controlfield tag="007">hd afb---buca</controlfield><controlfield tag="008">170724d1893uuuuinuwr nea     0   a0eng c</controlfield><datafield ind1=" " ind2=" " tag="010"><subfield code="a">  2017238475</subfield></datafield><datafield ind1=" " ind2=" " tag="040"><subfield code="a">ISL</subfield><subfield code="b">eng</subfield><subfield code="e">rda</subfield><subfield code="c">ISL</subfield><subfield code="d">ISL</subfield><subfield code="d">IUL</subfield><subfield code="d">OCLCF</subfield><subfield code="d">OCL</subfield></datafield><datafield ind1=" " ind2=" " tag="042"><subfield code="a">pcc</subfield></datafield><datafield ind1=" " ind2=" " tag="043"><subfield code="a">n-us-in</subfield></datafield><datafield ind1="0" ind2="4" tag="245"><subfield code="a">The Plainfield reformatory.</subfield></datafield><datafield ind1=" " ind2="1" tag="264"><subfield code="a">Plainfield, Ind. :</subfield><subfield code="b">Reformatory School for Boys</subfield></datafield><datafield ind1=" " ind2=" " tag="300"><subfield code="a">volumes</subfield></datafield><datafield ind1=" " ind2=" " tag="310"><subfield code="a">Weekly</subfield></datafield><datafield ind1=" " ind2=" " tag="336"><subfield code="a">text</subfield><subfield code="b">txt</subfield><subfield code="2">rdacontent</subfield></datafield><datafield ind1=" " ind2=" " tag="337"><subfield code="a">microform</subfield><subfield code="b">h</subfield><subfield code="2">rdamedia</subfield></datafield><datafield ind1=" " ind2=" " tag="338"><subfield code="a">microfilm reel</subfield><subfield code="b">hd</subfield><subfield code="2">rdacarrier</subfield></datafield><datafield ind1="1" ind2=" " tag="362"><subfield code="a">Began 1893.</subfield></datafield><datafield ind1=" " ind2=" " tag="588"><subfield code="a">Description based on: Vol. 1, no. 22 (September 2, 1893); title from masthead.</subfield></datafield><datafield ind1=" " ind2=" " tag="588"><subfield code="a">Latest issue consulted: Vol. 4, no. 38 (November 28, 1896); U.S. Newspaper Archive (viewed September 12, 2017).</subfield></datafield><datafield ind1=" " ind2=" " tag="533"><subfield code="a">Microfilm.</subfield><subfield code="b">Indianapolis, Ind. :</subfield><subfield code="c">Indiana Historical Society Newspaper Microfilm Project.</subfield><subfield code="e">microfilm reels ; 35 mm.</subfield></datafield><datafield ind1="2" ind2="0" tag="610"><subfield code="a">Indiana Reform School for Boys</subfield><subfield code="v">Periodicals.</subfield></datafield><datafield ind1=" " ind2="0" tag="650"><subfield code="a">Reformatories</subfield><subfield code="z">Indiana</subfield><subfield code="v">Periodicals.</subfield></datafield><datafield ind1=" " ind2="0" tag="651"><subfield code="a">Plainfield (Ind.)</subfield><subfield code="v">Newspapers.</subfield></datafield><datafield ind1=" " ind2="0" tag="651"><subfield code="a">Hendricks County (Ind.)</subfield><subfield code="v">Newspapers.</subfield></datafield><datafield ind1="2" ind2="7" tag="610"><subfield code="a">Indiana Reform School for Boys.</subfield><subfield code="2">fast</subfield><subfield code="0">(OCoLC)fst00673982</subfield></datafield><datafield ind1=" " ind2="7" tag="650"><subfield code="a">Reformatories.</subfield><subfield code="2">fast</subfield><subfield code="0">(OCoLC)fst01092581</subfield></datafield><datafield ind1=" " ind2="7" tag="651"><subfield code="a">Indiana.</subfield><subfield code="2">fast</subfield><subfield code="0">(OCoLC)fst01204604</subfield></datafield><datafield ind1=" " ind2="7" tag="651"><subfield code="a">Indiana</subfield><subfield code="z">Hendricks County.</subfield><subfield code="2">fast</subfield><subfield code="0">(OCoLC)fst01206786</subfield></datafield><datafield ind1=" " ind2="7" tag="651"><subfield code="a">Indiana</subfield><subfield code="z">Plainfield.</subfield><subfield code="2">fast</subfield><subfield code="0">(OCoLC)fst01214908</subfield></datafield><datafield ind1=" " ind2="7" tag="655"><subfield code="a">Newspapers.</subfield><subfield code="2">fast</subfield><subfield code="0">(OCoLC)fst01423814</subfield></datafield><datafield ind1=" " ind2="7" tag="655"><subfield code="a">Periodicals.</subfield><subfield code="2">fast</subfield><subfield code="0">(OCoLC)fst01411641</subfield></datafield><datafield ind1=" " ind2=" " tag="752"><subfield code="a">United States</subfield><subfield code="b">Indiana</subfield><subfield code="c">Hendricks</subfield><subfield code="d">Plainfield.</subfield></datafield><datafield ind1="4" ind2="1" tag="856"><subfield code="u">https://access.newspaperarchive.com/us/indiana/plainfield/plainfield-reformatory/</subfield></datafield></record>